<?xml version="1.0" encoding="UTF-8"?><collection xmlns="http://www.loc.gov/MARC21/slim"><record><leader>00589nam--2200169-i-4500</leader><controlfield tag="001">000047485</controlfield><controlfield tag="002">20161230</controlfield><controlfield tag="005">20161230201046</controlfield><controlfield tag="008">060222s1000------------r-----000-0-eng-d</controlfield><datafield ind1=" " ind2=" " tag="040"><subfield code="a">IFIN-HH</subfield></datafield><datafield ind1=" " ind2=" " tag="080"><subfield code="a">539.12.172</subfield></datafield><datafield ind1="1" ind2=" " tag="100"><subfield code="a">Winternitz,P</subfield></datafield><datafield ind1="1" ind2="0" tag="245"><subfield code="a">Two-variable expansions based on the lorentz and conformal groups</subfield><subfield code="b">Talk presented at symposium on the de sitter and conformal groups, boulder, colorado, 1970</subfield><subfield code="c">P. winternitz</subfield></datafield><datafield ind1=" " ind2=" " tag="260"><subfield code="a">Pittsburgh</subfield><subfield code="b">Department Of Physics Carnegie-mellon University</subfield><subfield code="c">1970</subfield></datafield><datafield ind1=" " ind2=" " tag="300"><subfield code="a">33P</subfield></datafield><datafield ind1=" " ind2=" " tag="852"><subfield code="a">33655</subfield><subfield code="c">539.12</subfield></datafield><datafield ind1=" " ind2=" " tag="CAT"><subfield code="a">Sys</subfield><subfield code="c">20111121</subfield><subfield code="h">124402</subfield></datafield></record></collection>